<?xml version="1.0" encoding="UTF-8"?>
<record xmlns="http://www.loc.gov/MARC21/slim" xmlns:xsi="http://www.w3.org/2001/XMLSchema-instance" xsi:schemaLocation="http://www.loc.gov/MARC21/slim http://www.loc.gov/standards/marcxml/schema/MARC21slim.xsd">
<leader>00000cam a22      a 4500</leader>
<controlfield tag="001">002081068</controlfield>
<controlfield tag="003">NNU</controlfield>
<controlfield tag="005">20160122180140.0</controlfield>
<controlfield tag="008">930603s1909    ti       c    000 0 ara d</controlfield>
<datafield tag="035" ind1=" " ind2=" ">
<subfield code="a">(OCoLC)910502041</subfield>
</datafield>
<datafield tag="040" ind1=" " ind2=" ">
<subfield code="a">NNU</subfield>
<subfield code="b">eng</subfield>
<subfield code="c">N15</subfield>
<subfield code="d">NNU</subfield>
</datafield>
<datafield tag="043" ind1=" " ind2=" ">
<subfield code="a">f-ti---</subfield>
</datafield>
<datafield tag="050" ind1=" " ind2="4">
<subfield code="a">Z965</subfield>
<subfield code="b">.T85 1909</subfield>
</datafield>
<datafield tag="110" ind1="2" ind2=" ">
<subfield code="6">880-01</subfield>
<subfield code="a">Maktabah al-ʻAbdalīyah (Tunis, Tunisia)</subfield>
</datafield>
<datafield tag="245" ind1="1" ind2="0">
<subfield code="6">880-02</subfield>
<subfield code="a">Barnāmij al-Maktabah al-ʻAbdalīyah /</subfield>
<subfield code="c">Jāmiʻ al-Zaytūnah al-Aʻẓam.</subfield>
</datafield>
<datafield tag="260" ind1=" " ind2=" ">
<subfield code="6">880-03</subfield>
<subfield code="a">Tunis :</subfield>
<subfield code="b">Jāmiʻ al-Zaytūnah,</subfield>
<subfield code="c">1909.</subfield>
</datafield>
<datafield tag="300" ind1=" " ind2=" ">
<subfield code="a">v. ;</subfield>
<subfield code="c">25 cm.</subfield>
</datafield>
<datafield tag="500" ind1=" " ind2=" ">
<subfield code="a">Cover title.</subfield>
</datafield>
<datafield tag="610" ind1="2" ind2="0">
<subfield code="6">880-04</subfield>
<subfield code="a">Maktabah al-ʻAbdalīyah (Tunis, Tunisia)</subfield>
<subfield code="v">Catalogs.</subfield>
</datafield>
<datafield tag="650" ind1=" " ind2="0">
<subfield code="a">Manuscripts, Islamic</subfield>
<subfield code="z">Tunisia</subfield>
<subfield code="z">Tunis</subfield>
<subfield code="v">Catalogs.</subfield>
</datafield>
<datafield tag="880" ind1="2" ind2=" ">
<subfield code="6">110-01/</subfield>
<subfield code="a">مكتبة العبدلية (تونس، تونس)</subfield>
</datafield>
<datafield tag="880" ind1="1" ind2="0">
<subfield code="6">245-02/</subfield>
<subfield code="a">برنامج المكتبة العبدلية /</subfield>
<subfield code="c">جامع الزيتونة الاعظام.</subfield>
</datafield>
<datafield tag="880" ind1=" " ind2=" ">
<subfield code="6">260-03/</subfield>
<subfield code="a">تنس :</subfield>
<subfield code="b">جامع الزيتونة،</subfield>
<subfield code="c">1909.</subfield>
</datafield>
<datafield tag="880" ind1="2" ind2="0">
<subfield code="6">610-04/</subfield>
<subfield code="a">مكتبة العبدلية (تونس، تونس)</subfield>
<subfield code="v">Catalogs.</subfield>
</datafield>
<datafield tag="OWN" ind1=" " ind2=" ">
<subfield code="a">GENERAL</subfield>
</datafield>
<datafield tag="AVA" ind1=" " ind2=" ">
<subfield code="a">NYU50</subfield>
<subfield code="b">BOBST</subfield>
<subfield code="c">Main Collection</subfield>
<subfield code="d">Z965 .T85 1909</subfield>
<subfield code="e">unavailable</subfield>
<subfield code="t">Unavailable</subfield>
<subfield code="f">1</subfield>
<subfield code="g">1</subfield>
<subfield code="h">Y</subfield>
<subfield code="i">0</subfield>
<subfield code="j">MAIN</subfield>
<subfield code="k">0</subfield>
</datafield>
</record>
